<record><leader>00000cas a22000007a 4500</leader><controlfield tag="001">17533612</controlfield><controlfield tag="008">880224d18uu19uupauwr ne      0    0eng d</controlfield><datafield ind1=" " ind2=" " tag="010"><subfield code="a">sn 88079148 </subfield></datafield><datafield ind1=" " ind2=" " tag="040"><subfield code="a">NPH</subfield><subfield code="b">eng</subfield><subfield code="c">NPH</subfield><subfield code="d">OCLCQ</subfield></datafield><datafield ind1=" " ind2=" " tag="042"><subfield code="a">msc</subfield></datafield><datafield ind1="0" ind2="4" tag="245"><subfield code="a">The Susquehanna ledger.</subfield></datafield><datafield ind1=" " ind2=" " tag="260"><subfield code="a">Susquehanna, Pa. :</subfield><subfield code="b">Birchard &amp; Ressegvie</subfield></datafield><datafield ind1=" " ind2=" " tag="300"><subfield code="a">v. :</subfield><subfield code="b">ill. ;</subfield><subfield code="c">55 cm.</subfield></datafield><datafield ind1=" " ind2=" " tag="310"><subfield code="a">Weekly,</subfield><subfield code="b">&lt;1921&gt;</subfield></datafield><datafield ind1=" " ind2=" " tag="321"><subfield code="a">Weekly,</subfield><subfield code="b">&lt;1895&gt;</subfield></datafield><datafield ind1=" " ind2=" " tag="321"><subfield code="a">Semiweekly,</subfield><subfield code="b">&lt;1818&gt;</subfield></datafield><datafield ind1=" " ind2=" " tag="500"><subfield code="a">Publisher: U.G. Baker, &lt;1922&gt;.</subfield></datafield><datafield ind1=" " ind2=" " tag="580"><subfield code="a">Daily edition: Susquehanna evening transcript.</subfield></datafield><datafield ind1=" " ind2=" " tag="588"><subfield code="a">Description based on: Vol. 6, no. 42 (Jan. 2, 1895).</subfield></datafield><datafield ind1=" " ind2=" " tag="752"><subfield code="a">United States</subfield><subfield code="b">Pennsylvania</subfield><subfield code="c">Susquehanna</subfield><subfield code="d">Susquehanna.</subfield></datafield><datafield ind1="1" ind2=" " tag="775"><subfield code="t">Susquehanna evening transcript</subfield><subfield code="w">(DLC)sn 88079138</subfield></datafield><datafield ind1="0" ind2="0" tag="780"><subfield code="t">Weekly transcript (Susquehanna, Pa.)</subfield><subfield code="w">(DLC)sn 88079149</subfield></datafield></record>